@article{
    Blum1967
    , author = "Manuel Blum"
    , title = "A Machine-Independent Theory of the Complexity of Recursive Functions"
    , journal = "Journal of the Association for Computing Machinery"
    , year = "1967"
    , month = "April"
    , volume = "14"
    , number = "2"
    , pages = "322 - 336"
}

@article{
    Rabin1977
    , author = "Michael O. Rabin"
    , title = "Complexity of Computations"
    , journal = "Communications of the ACM"
    , year = "1977"
    , month = "September"
    , volume = "20"
    , number = "9"
    , pages = "625 - 633"
}

@article{
    Chow1976
    , author = "Tsun S. Chow"
    , title = "Lower bounds on the complexity of 0-1-valued recursive functions"
    , journal = "Information and Control"
    , year = "1976"
    , month = "May"
    , volume = "31"
    , number = "1"
    , pages = "17 - 42"
    , issn = "0019-9958"
    , doi = "http://dx.doi.org/10.1016/S0019-9958(76)90378-8"
    , url = "http://www.sciencedirect.com/science/article/pii/S0019995876903788"
}

@article{
    Marek2009
    , author = "Victor W. Marek and Jeffrey B. Remmel"
    , title = "The complexity of recursive constraint satisfaction problems "
    , journal = "Annals of Pure and Applied Logic "
    , year = "2009"
    , month = "June"
    , volume = "161"
    , number = "3"
    , pages = "447 - 457"
    , issn = "0168-0072"
    , doi = "http://dx.doi.org/10.1016/j.apal.2009.07.005"
    , url = "http://www.sciencedirect.com/science/article/pii/S0168007209001523"
    , keywords = "Recursive constraint satisfaction problems"
    , keywords = "Recursive trees"
    , keywords = "Degrees of solutions "
}

@book{
    Arora2009
    , author = {Sanjeev Arora and Boaz Barak}
    , title = {Computational Complexity: A Modern Approach}
    , year = {2009}
    , isbn = {0521424267, 9780521424264}
    , edition = {1st}
    , publisher = {Cambridge University Press}
    , address = {New York, NY, USA}
}

@book{
    Rogers1987
    , author = {Hartley Rogers Jr.}
    , title = {Theory of Recursive Functions and Effective Computability}
    , year = {1987}
    , isbn = {0-262-68052-1}
    , publisher = {MIT Press}
    , address = {Cambridge, MA, USA}
} 

@book{Boolos2002,
    author = "George S. Boolos and John P. Burgess and Richard C. Jeffrey"
    , title = "Computability and Logic"
    , edition = "4th"
    , publisher = "Cambridge University Press"
    , address = "New York"
    , year = "2002"
    , month = "March"
    , isbn = "978-0-521-80975-7"
}

